

@IEEEtranBSTCTL{IEEEexample:BSTcontrol,
	CTLuse_article_number    = "yes",
	CTLuse_paper             = "yes",
	CTLuse_url               = "yes",
	CTLuse_forced_etal       = "no",
	CTLmax_names_forced_etal = "10",
	CTLnames_show_etal       = "3",
	CTLuse_alt_spacing       = "yes",
	CTLalt_stretch_factor    = "4",
	CTLdash_repeated_names   = "yes",
	CTLname_format_string    = "{ff~}{vv~}{ll}{, jj}",
	CTLname_latex_cmd        = " ",
	CTLname_url_prefix       = "[en línea]. Disponible:"
}

%   "{f. ?}{vv~?}{ll}{,jj}"   (como originalmente estaba)
% "{ff~}{vv~}{ll}{, jj}"   (a lo que se corrigió)
% "{vv~}{ll}{, f.}{, jj}"   (opción aún no probada)

@Book{E_Twahirwa,
author = {E Twahirwa, K Mtonga, D Ngabo},
year = {2021},
title = {A LoRa enabled IoT-based Air Quality Monitoring System for Smart City},
publisher = {ieeexplore.ieee.org},
url = {https://ieeexplore.ieee.org/abstract/document/9454232}
}

@Book{knuth,
author = {J. J. O'Connor and E. F. Robertson},
year = {2009},
title = {A hybrid measurement kit for real-time air quality monitoring across Senegal Cities},
publisher = {ieeexplore.ieee.org},
url = {http://www-history.mcs.st-andrews.ac.uk/Biographies/Knuth.html}
}

@Book{A_Simo,
author = {A Simo, S Dzitac, I Dzitac, M Frigura-Iliasa},
year = {2021},
title = {Air quality assessment system based on self-driven drone and LoRaWAN network},
publisher = {Elsevier},
url = {https://www.sciencedirect.com/science/article/abs/pii/S014036642100176}
}

@Book{A_Abd,
author = {A Abd Aziz, M Drieberg, NHA Halil},
year = {2021},
title = {Portable Outdoor Air Quality Monitoring Using A Wireless Sensor Network (WSN)},
publisher = {ieeexplore.ieee.org},
url = {https://ieeexplore.ieee.org/abstract/document/9676381/}
}

@Book{A_Rana,
author = {A Rana, AS Rawat, A Afifi, R Singh, M Rashid},
year = {2022},
title = {A Long-Range Internet of Things-Based Advanced Vehicle Pollution Monitoring System with Node Authentication and Blockchain},
publisher = {mdpi.com},
url = {https://www.mdpi.com/2076-3417/12/15/7547}
}

@Book{LJ_Chen,
author = {LJ Chen, YH Ho, HC Lee, HC Wu, HM Liu},
year = {2017},
title = {An open framework for participatory PM2. 5 monitoring in smart cities},
publisher = {ieeexplore.ieee.org},
url = {https://ieeexplore.ieee.org/abstract/document/7970115/}
}

@Book{G_Jota,
author = {G Jotanovic, J Stojanov, D Perakovic, Z Stojanov},
year = {2020},
title = {Internet of Things Technology Purposeful For Monitoring Road Traffic Air Pollution},
publisher = {researchgate.net},
url = {https://www.researchgate.net/profile/Dragan-Perakovic/publication/346955305_Internet_of_Things_Technology_Purposeful_For_Monitoring_Road_Traffic_Air_Pollution/links/6283661c7da61013d7485280/Internet-of-Things-Technology-Purposeful-For-Monitoring-Road-Traffic-Air-Pollution.pdf}
}

@Book{H_Paz,
author = {H Paz Penagos, A Moreno Sánchez, J Poveda Zafra},
year = {2021},
title = {Air Quality Measurement Using an IoT Network: a Case Study
},
publisher = {scielo.org.co},
url = {http://www.scielo.org.co/scielo.php?script=sci_arttext&pid=S0121-750X2021000300401}
}

@Book{M_Rodenas,
author = {M Ródenas García, A Spinazzé},
year = {2022},
title = {Review of low-cost sensors for indoor air quality: Features and applications},
publisher = {Taylor &Francis},
url = {https://www.tandfonline.com/doi/abs/10.1080/05704928.2022.2085734}
}

@Book{Y_Simmhan,
author = {Y Simmhan, S Nair, S Monga, R Sahu},
year = {2019},
title = {SATVAM: Toward an IoT Cyber-infrastructure for Low-cost Urban Air Quality Monitoring},
publisher = {ieeexplore.ieee.org},
url = {https://ieeexplore.ieee.org/abstract/document/9041703/}
}

@Book{D_Fermin,
author = {DIEGO FERMÍN PALACIOS RIQUELME},
year = {2019},
title = {DISEÑO E IMPLEMENTACIÓN DE UN SISTEMA DE
MONITOREO DE CALIDAD DE AIRE},
publisher = {CONACYT},
url ={https://www.conacyt.gov.py/sites/default/files/upload_editores/u454/Informe%20Final%20-%2014-INV-386.pdf}
}

@Book{D_Ochoa,
author = {OCHOA DUARTE, Alexei; CANGREJO ALJURE, Libia Denisse; DELGADO, Tatiana.},
year = {2018},
title = {Alternativa Open Source en la implementación de un sistema IoT para la medición de la calidad del aire.},
publisher = {Rev cuba cienc informat,  La Habana},
url = {http://scielo.sld.cu/scielo.php?script=sci_arttext&pid=S2227-18992018000100014&lng=es&nrm=iso}
}
@Book{OMS,
author = {Organizacion Mundial de la Salud (OMS)},
year = {2018},
title = {Guías de calidad del aire de la OMS relativas al material particulado, el ozono, el dióxido de nitrógeno y el dióxido de azufre},
publisher = {Organizacion Mundial de la Salud},
url = {https://iris.who.int/bitstream/handle/10665/69478/W?sequence=1}
}

@Book{sistema_de_monitoreo,
author = {Palacios Riquelme D.},
year = {2019},
title = {Diseño e implementación de un sistema de monitoreo de calidad de aire},
publisher = {CONACYT},
url = {https://www.conacyt.gov.py/investigador-implementa-sistema-que-mide-calidad-aire}
}

@Book{Sistema_IOT_monitoreo,
author = {Hernandez Siachoque, Nicolas},
year = {2021},
title = {Diseño e implementación de un sistema IOT para monitorear calidad de aire},
publisher = {Universidad de los Andes Colombia},
url = {https://repositorio.uniandes.edu.co/handle/1992/55490}
}

@Book{Monitoreo_bajo_costo,
author = {Ayala, Evelyn Vanessa},
year = {2021},
title = {Monitoreo de bajo costo de parámetros permisibles de la calidad del aire.},
publisher = {FP-UNE},
url = {http://servicios.fpune.edu.py:8080/jspui/handle/123456789/951}
}




